<record><leader>00000cas a22000007a 4500</leader><controlfield tag="001">12568629</controlfield><controlfield tag="008">850918d18901899oruwr ne      0    0ger  </controlfield><controlfield tag="009">466</controlfield><datafield ind1=" " ind2=" " tag="010"><subfield code="a">sn 85042490 </subfield></datafield><datafield ind1=" " ind2=" " tag="040"><subfield code="a">DLC</subfield><subfield code="b">eng</subfield><subfield code="c">DLC</subfield><subfield code="d">ORU</subfield></datafield><datafield ind1="1" ind2=" " tag="029"><subfield code="a">AU@</subfield><subfield code="b">000025821276</subfield></datafield><datafield ind1=" " ind2=" " tag="042"><subfield code="a">msc</subfield></datafield><datafield ind1="0" ind2="0" tag="050"><subfield code="a">Newspaper 9368</subfield></datafield><datafield ind1="0" ind2="0" tag="245"><subfield code="a">Oregon Staats Zeitung.</subfield></datafield><datafield ind1="1" ind2="3" tag="246"><subfield code="a">Staats-Zeitung</subfield></datafield><datafield ind1="1" ind2="0" tag="246"><subfield code="a">Staats Zeitung</subfield></datafield><datafield ind1=" " ind2=" " tag="260"><subfield code="a">Portland, Or. :</subfield><subfield code="b">J. Folkman,</subfield><subfield code="c">1890-</subfield></datafield><datafield ind1=" " ind2=" " tag="300"><subfield code="a">v. :</subfield><subfield code="b">ill. (chiefly advertisements) ;</subfield><subfield code="c">75 cm.</subfield></datafield><datafield ind1=" " ind2=" " tag="310"><subfield code="a">Weekly</subfield></datafield><datafield ind1="0" ind2=" " tag="362"><subfield code="a">Vol. 12, no. 599 (Jan. 2, 1890)-</subfield></datafield><datafield ind1="1" ind2=" " tag="362"><subfield code="a">Ceased in 1899?</subfield><subfield code="z">Cf. Gregory, W.  Amer. newspapers.</subfield></datafield><datafield ind1=" " ind2=" " tag="525"><subfield code="a">Has occasional supplements.</subfield></datafield><datafield ind1=" " ind2=" " tag="530"><subfield code="a">Also available on microfilm from University of Oregon.</subfield></datafield><datafield ind1=" " ind2=" " tag="752"><subfield code="a">United States</subfield><subfield code="b">Oregon</subfield><subfield code="c">Multnomah</subfield><subfield code="d">Portland.</subfield></datafield><datafield ind1="0" ind2=" " tag="775"><subfield code="t">Oregon Staats=Zeitung (Portland, Or. : Daily ed.)</subfield><subfield code="w">(DLC)  2011260106</subfield><subfield code="w">(OCoLC)741214180</subfield></datafield><datafield ind1="0" ind2="0" tag="780"><subfield code="t">Staats Zeitung</subfield><subfield code="w">(DLC)sn 85042489</subfield><subfield code="w">(OCoLC)12568830</subfield></datafield></record>